<record xmlns="http://www.loc.gov/MARC21/slim" xmlns:xsi="http://www.w3.org/2001/XMLSchema-instance" xsi:schemaLocation="http://www.loc.gov/MARC21/slim http://www.loc.gov/standards/marcxml/schema/MARC21slim.xsd"><leader>02466nam a2200457   4500</leader><controlfield tag="001">002750572</controlfield><controlfield tag="003">NNU</controlfield><controlfield tag="006">m        d        </controlfield><controlfield tag="007">cr cn |||m|||a</controlfield><controlfield tag="008">150116r19841934ir a    od    000 0 arar</controlfield><datafield ind1=" " ind2=" " tag="040"><subfield code="a">NNU</subfield><subfield code="b">eng</subfield><subfield code="e">rda</subfield><subfield code="c">NNU</subfield></datafield><datafield ind1="0" ind2="0" tag="050"><subfield code="a">PJ6622</subfield><subfield code="b">.A18 1984</subfield></datafield><datafield ind1="1" ind2=" " tag="100"><subfield code="6">880-01</subfield><subfield code="a">&#699;Abd al-H&#803;ami&#772;d, Muh&#803;ammad Muh&#803;yi&#772; al-Di&#772;n.</subfield></datafield><datafield ind1="1" ind2="3" tag="245"><subfield code="6">880-02</subfield><subfield code="a">al-Mukhta&#772;r min s&#803;ih&#803;a&#772;h&#803; al-lughah /</subfield><subfield code="c">ta&#700;li&#772;f Muh&#803;ammad Muh&#803;yi&#772; al-Di&#772;n &#699;Abd al-H&#803;ami&#772;d wa Muh&#803;ammad &#699;Abd al-Lat&#803;i&#772;f al-Subki&#772;.</subfield></datafield><datafield ind1=" " ind2=" " tag="250"><subfield code="6">880-03</subfield><subfield code="a">Cha&#772;p-i 1.</subfield></datafield><datafield ind1=" " ind2=" " tag="260"><subfield code="6">880-04</subfield><subfield code="a">T&#803;ihra&#772;n, I&#772;ra&#772;n :</subfield><subfield code="b">Intisha&#772;ra&#772;t-i Na&#772;s&#803;ir Khusraw,</subfield><subfield code="c">1363 [1984 or 1985]</subfield></datafield><datafield ind1=" " ind2=" " tag="300"><subfield code="a">online resource (16, 591 pages) :</subfield><subfield code="b">illustrations</subfield></datafield><datafield ind1=" " ind2=" " tag="336"><subfield code="a">text</subfield><subfield code="2">rdacontent</subfield></datafield><datafield ind1=" " ind2=" " tag="337"><subfield code="a">computer</subfield><subfield code="2">rdamedia</subfield></datafield><datafield ind1=" " ind2=" " tag="338"><subfield code="a">online resource</subfield><subfield code="2">rdacarrier</subfield></datafield><datafield ind1=" " ind2=" " tag="500"><subfield code="a">Based on: Mukhta&#772;r al-S&#803;ih&#803;a&#772;h&#803; / al-Ima&#772;m al-Ra&#772;zi&#772;.</subfield></datafield><datafield ind1=" " ind2=" " tag="500"><subfield code="a">Reprint. Originally published: Cairo, 1934.</subfield></datafield><datafield ind1=" " ind2=" " tag="500"><subfield code="a">Part of the Arabic Collections Online (ACO) project, contributed by New York Univeristy Libraries.</subfield></datafield><datafield ind1=" " ind2=" " tag="533"><subfield code="a">Electronic reproduction.</subfield><subfield code="b">New York, N.Y. :</subfield><subfield code="c">New York University,</subfield><subfield code="d">2015.</subfield><subfield code="5">NNU</subfield></datafield><datafield ind1=" " ind2="0" tag="650"><subfield code="a">Arabic language</subfield><subfield code="v">Dictionaries.</subfield></datafield><datafield ind1=" " ind2="7" tag="650"><subfield code="a">Arabic language.</subfield><subfield code="2">fast</subfield><subfield code="0">(OCoLC)fst00812287</subfield></datafield><datafield ind1=" " ind2="7" tag="655"><subfield code="a">Dictionaries.</subfield><subfield code="2">fast</subfield><subfield code="0">(OCoLC)fst01423826</subfield></datafield><datafield ind1="1" ind2=" " tag="700"><subfield code="6">880-05</subfield><subfield code="a">Subki&#772;, Muh&#803;ammad &#699;Abd al-Lat&#803;i&#772;f,</subfield><subfield code="d">-1969.</subfield></datafield><datafield ind1="1" ind2=" " tag="700"><subfield code="6">880-06</subfield><subfield code="a">Ra&#772;zi&#772;, Muh&#803;ammad ibn Abi&#772; Bakr,</subfield><subfield code="d">active 1261.</subfield><subfield code="t">Mukhta&#772;r al-S&#803;ih&#803;a&#772;h&#803;.</subfield></datafield><datafield ind1="2" ind2=" " tag="710"><subfield code="a">New York University.</subfield><subfield code="b">Libraries.</subfield></datafield><datafield ind1="0" ind2=" " tag="730"><subfield code="a">Arabic Collections Online.</subfield></datafield><datafield ind1="0" ind2="8" tag="776"><subfield code="i">Print version:</subfield><subfield code="a">&#699;Abd al-H&#803;ami&#772;d, Muh&#803;ammad Muh&#803;yi&#772; al-Di&#772;n.</subfield><subfield code="t">al-Mukhta&#772;r min s&#803;ih&#803;a&#772;h&#803; al-lughah</subfield><subfield code="w">(NNU)002750572</subfield><subfield code="w">(DLC)   85930934</subfield></datafield><datafield ind1="4" ind2="0" tag="856"><subfield code="u">http://hdl.handle.net/2333.1/4tmpg66h</subfield></datafield><datafield ind1="1" ind2=" " tag="880"><subfield code="6">100-01/</subfield><subfield code="a">&#1593;&#1576;&#1583; &#1575;&#1604;&#1581;&#1605;&#1610;&#1583;&#1548; &#1605;&#1581;&#1605;&#1583; &#1605;&#1581;&#1610;&#1609; &#1575;&#1604;&#1583;&#1610;&#1606;.</subfield></datafield><datafield ind1="1" ind2="2" tag="880"><subfield code="6">245-02/</subfield><subfield code="a">&#1575;&#1604;&#1605;&#1582;&#1578;&#1575;&#1585; &#1605;&#1606; &#1589;&#1581;&#1575;&#1581; &#1575;&#1604;&#1604;&#1594;&#1577; /</subfield><subfield code="c">&#1578;&#1571;&#1604;&#1610;&#1601; &#1605;&#1581;&#1605;&#1583; &#1605;&#1581;&#1610;&#1609; &#1575;&#1604;&#1583;&#1610;&#1606; &#1593;&#1576;&#1583; &#1575;&#1604;&#1581;&#1605;&#1610;&#1583; &#1608;&#1605;&#1581;&#1605;&#1583; &#1593;&#1576;&#1583; &#1575;&#1604;&#1604;&#1591;&#1610;&#1601; &#1575;&#1604;&#1587;&#1576;&#1603;&#1610;.</subfield></datafield><datafield ind1=" " ind2=" " tag="880"><subfield code="6">250-03/</subfield><subfield code="a">&#1670;&#1575;&#1662; &#1633;.</subfield></datafield><datafield ind1=" " ind2=" " tag="880"><subfield code="6">260-04/</subfield><subfield code="a">&#1591;&#1607;&#1585;&#1575;&#1606;&#1548; &#1575;&#1610;&#1585;&#1575;&#1606; :</subfield><subfield code="b">&#1575;&#1606;&#1578;&#1588;&#1575;&#1585;&#1575;&#1578; &#1606;&#1575;&#1589;&#1585; &#1582;&#1587;&#1585;&#1608;&#1548;</subfield><subfield code="c">1363 [1984 or 1985]</subfield></datafield><datafield ind1="1" ind2=" " tag="880"><subfield code="6">700-05/</subfield><subfield code="a">&#1587;&#1576;&#1603;&#1610;&#1548; &#1605;&#1581;&#1605;&#1583; &#1593;&#1576;&#1583; &#1575;&#1604;&#1604;&#1591;&#1610;&#1601;&#1548;,</subfield><subfield code="d">-1969.</subfield></datafield><datafield ind1="1" ind2=" " tag="880"><subfield code="6">700-06/</subfield><subfield code="a">&#1585;&#1575;&#1586;&#1610;&#1548; &#1605;&#1581;&#1605;&#1583; &#1576;&#1606; &#1575;&#1576;&#1610; &#1576;&#1603;&#1585;&#1548;,</subfield><subfield code="d">active 1261.</subfield><subfield code="t">&#1605;&#1582;&#1578;&#1575;&#1585; &#1575;&#1604;&#1589;&#1581;&#1575;&#1581;.</subfield></datafield><datafield ind1=" " ind2=" " tag="959"><subfield code="a">NNU</subfield><subfield code="b">WEB</subfield><subfield code="c">GENI</subfield><subfield code="t">0</subfield><subfield code="m">Electronic access</subfield><subfield code="s">01</subfield></datafield><datafield ind1=" " ind2=" " tag="999"><subfield code="i">NNU_002750572</subfield><subfield code="o" /></datafield></record>